@comment{x-kbibtex-personnameformatting=<%l><, %f>}

@article{vanderveken1994theorie,
	author = "Vanderveken, Daniel",
	journal = "Cahiers de Linguistique Fran\c{c}aise",
	pages = "9--62",
	title = "{La th{\'e}orie des actes de discours et l{\rq}analyse de la conversation}",
	year = "1992",
	language = "english",
	hyphenation = "english"
}

@inproceedings{core1997coding,
	author = "Core, Mark and Allen, James",
	booktitle = "{Working Notes of AAAI Fall Symposium on Communicative Action in Humans and Machines}",
	address = "Boston, MA, USA",
	pages = "28--35",
	title = "{Coding Dialogs with the DAMSL Annotation Scheme}",
	year = "1997",
	language = "english",
	hyphenation = "english"
}

@inproceedings{bunt2009dit++,
	author = "Bunt, Harry",
	booktitle = {{Proceedings of the AAMAS 2009 Workshop "Towards a Standard Markup Language for Embodied Dialogue Acts" (EDAML 2009)}},
	pages = "13--24",
	title = "{The DIT++ taxonomy for functional dialogue markup}",
	year = "2009",
	language = "english",
	hyphenation = "english"
}

@book{wierzbicka1987english,
	author = "Wierzbicka, Anna",
	publisher = "Academic Press",
	title = "{English Speech Act Verbs: A Semantic Dictionary}",
	year = "1987",
	language = "english",
	hyphenation = "english"
}

@incollection{klimt2004enron,
	author = "Klimt, Bryan and Yang, Yiming",
	booktitle = "{Machine learning: ECML 2004}",
	editor = "Boulicaut, Jean-Fran\c{c}ois and Esposito, Floriana and Giannotti, Fosca and Pedreschi, Dino",
	isbn = "3-540-23105-6",
	pages = "217--226",
	publisher = "Springer",
	series = "{Lecture Notes in Computer Science}",
	title = "{The Enron Corpus: A New Dataset for Email Classification Research}",
	volume = "3201",
	year = "2004",
	language = "english",
	hyphenation = "english"
}

@inproceedings{ivanovic2005dialogue,
	author="Ivanovic, Edward",
	title="Dialogue Act Tagging for Instant Messaging Chat Sessions",
	booktitle="Proceedings of the ACL Student Research Workshop (SRW 2005)",
	year="2005",
	pages="79--84",
	location="Ann Arbor, MI, USA",
	language = "english",
	hyphenation = "english"
}

@inproceedings{ivanovic2005automatic,
	author="Ivanovic, Edward",
	title="Automatic Utterance Segmentation in Instant Messaging Dialogue",
	booktitle="Proceedings of the Australasian Language Technology Workshop 2005 (ALTW 2005)",
	year="2005",
	pages="241--249",
	location="Sydney, Australia",
	language = "english",
	hyphenation = "english"
}

@inproceedings{qadir2011classifying,
	acmid = "2145518",
	author = "Qadir, Ashequl and Riloff, Ellen",
	booktitle = "{Proceedings of the Conference on Empirical Methods in Natural Language Processing (EMNLP 2011)}",
	isbn = "978-1-937284-11-4",
	address = "Edinburgh, UK",
	numpages = "11",
	pages = "748--758",
	title = "{Classifying Sentences As Speech Acts in Message Board Posts}",
	url = "http://dl.acm.org/citation.cfm?id=2145432.2145518",
	year = "2011",
	language = "english",
	hyphenation = "english"
}

@book{austin1975how,
	author = "Austin, John Langshaw",
	edition = "Second",
	publisher = "Oxford University Press",
	title = "{How to Do Things With Words}",
	year = "1975",
	language = "english",
	hyphenation = "english"
}

@article{sikorski1997scheme,
	author = "Sikorski, Teresa and Allen, James F",
	journal = "Working Notes of the AAAI Fall Symposium on Communicative Actions in Humans and Machines",
	title = "{A Scheme for Annotating Problem Solving Actions in Dialogue}",
	year = "1997",
	language = "english",
	hyphenation = "english"
}

@article{traum200020,
	author = "Traum, David R",
	journal = "Journal of Semantics",
	number = "1",
	pages = "7--30",
	publisher = "Oxford University Press",
	title = "{20 Questions on Dialogue Act Taxonomies}",
	year = "2000",
	language = "english",
	hyphenation = "english"
}

@incollection{traum2003information,
	author = "Traum, David R and Larsson, Staffan",
	booktitle = "{Current and New Directions in Discourse and Dialogue}",
	pages = "325--353",
	publisher = "Springer",
	title = "{The Information State Approach to Dialogue Management}",
	year = "2003",
	language = "english",
	hyphenation = "english"
}

@inproceedings{kim2010classifying,
	author="Kim, Nam Su	and Cavedon, Lawrence and Baldwin, Timothy",
	title="Classifying Dialogue Acts in One-on-One Live Chats",
	booktitle="Proceedings of the 2010 Conference on Empirical Methods in Natural Language Processing (EMNLP 2010)",
	year="2010",
	pages="862--871",
	location="Cambridge, MA, USA",
	language = "english",
	hyphenation = "english"
}

@inproceedings{kim2012classifying,
	author="Kim, Nam Su and Cavedon, Lawrence and Baldwin, Timothy",
	title="Classifying Dialogue Acts in Multi-party Live Chats",
	booktitle="Proceedings of the 26th Pacific Asia Conference on Language, Information, and Computation (PACLIC 2012)",
	year="2012",
	pages="463--472",
	location="Bali, Indonesia",
	language = "english",
	hyphenation = "english"
}

@misc{bernett2000e,
	author = "Bernett, Howard",
	institution = "American University",
	title = "{E-Commerce, Customer Service, and the Web-Enabled Call Center}",
	year = "2000",
	language = "english",
	hyphenation = "english"
}

@inproceedings{stede2004information,
	author = "Stede, Manfred and Schlangen, David",
	booktitle = "{Proceedings of the 8th Workshop on the Semantics and Pragmatics of Dialogue (SemDial 2004)}",
	title = "{Information-Seeking Chat: Dialogues Driven by Topic Structure}",
	year = "2004",
	language = "english",
	hyphenation = "english"
}

@article{ha2013learning,
	author = "Ha, Eun Young and Mitchell, Christopher M and Boyer, Kristy Elizabeth and Lester, James C",
	title = "{Learning Dialogue Management Models for Task-Oriented Dialogue with Parallel Dialogue and Task Streams}",
	year = "2013",
	language = "english",
	hyphenation = "english"
}

@inproceedings{hernandez2014exploiting,
	author = "Hernandez, Nicolas and Salim, Soufian",
	booktitle = "{Proceedings of the 2014 Linguistic Annotation Workshop (LAW 8)}",
	journal = "LAW VIII",
	pages = "110",
	title = "{Exploiting the human computational effort dedicated to message reply formatting for training discursive email segmenters}",
	year = "2014",
	language = "english",
	hyphenation = "english"
}

@article{traum1992conversation,
	author = "Traum, David R and Hinkelman, Elizabeth A",
	journal = "Computational Intelligence",
	number = "3",
	pages = "575--599",
	publisher = "Wiley Online Library",
	title = "{Conversation Acts in Task-Oriented Spoken Dialogue}",
	volume = "8",
	year = "1992",
	language = "english",
	hyphenation = "english"
}

@book{levinson1983pragmatics,
	author = "Levinson, Stephen C",
	pages = "303--308",
	publisher = "Cambridge University Press",
	title = "{Pragmatics}",
	year = "1983",
	language = "english",
	hyphenation = "english"
}

@book{kamp1993discourse,
	author = "Kamp, Hans and Reyle, Uwe",
	number = "42",
	publisher = "Springer Science \& Business Media",
	title = "{From Discourse to Logic: Introduction to Modeltheoretic Semantics of Natural Language, Formal Logic And Discourse Representation Theory}",
	year = "1993",
	language = "english",
	hyphenation = "english"
}

@inproceedings{morelli1991computational,
	author = "Morelli, RA and Bronzino, JD and Goethe, JW",
	booktitle = "{Proceedings of the 17th IEEE Annual Northeast (Bioengineering Conference 1991)}",
	organization = "IEEE",
	pages = "263--264",
	title = "{A computational speech-act model of human-computer conversations}",
	year = "1991",
	language = "english",
	hyphenation = "english"
}

@article{poesio1997conversational,
	author = "Poesio, Massimo and Traum, David R",
	journal = "Computational Intelligence",
	number = "3",
	pages = "309--347",
	publisher = "Wiley Online Library",
	title = "{Conversational Actions and Discourse Situations}",
	volume = "13",
	year = "1997",
	language = "english",
	hyphenation = "english"
}

@inproceedings{twitchell2004using,
	author = "Twitchell, Douglas P and Adkins, Mark and Nunamaker, Jay F and Burgoon, Judee K",
	booktitle = "{Proceedings of the 9th International Working Conference on the Language-Action Perspective on Communication Modelling (LAP 2004)}",
	pages = "121--129",
	title = "{Using Speech Act Theory to Model Conversations for Automated Classification and Retrieval}",
	year = "2004",
	language = "english",
	hyphenation = "english"
}

@techreport{gross1993trains,
	author = "Gross, Derek and Allen, James and Traum, David",
	institution = "University of Rochester",
	title = "{The TRAINS 91 Dialogues}",
	year = "1993",
	language = "english",
	hyphenation = "english"
}

@book{jakobovits1974context,
	author = "Jakobovits, Leon A and Gordon, Barbara",
	publisher = "Newbury House Publishers",
	title = "{The Context of Foreign Language Teaching}",
	year = "1974",
	language = "english",
	hyphenation = "english"
}

@article{fillmore1971some,
	author = "Fillmore, Charles J",
	journal = "Monograph Series on Languages and Linguistics",
	address = "Washington DC, USA",
	pages = "35--56",
	publisher = "Georgetown University",
	title = "{Some Problems for Case Grammar}",
	volume = "24",
	year = "1971",
	language = "english",
	hyphenation = "english"
}

@book{searle1976taxonomy,
	author = "Searle, John R",
	publisher = "Linguistic Agency University of Trier",
	title = "{A Taxonomy of Illocutionary Acts}",
	year = "1976",
	language = "english",
	hyphenation = "english"
}

@book{sadock1974toward,
	author = "Sadock, Jerrold M",
	publisher = "Academic Press",
	title = "{Toward a Linguistic Theory of Speech Acts}",
	year = "1974",
	language = "english",
	hyphenation = "english"
}

@article{ohmann1971speech,
	author = "Ohmann, Richard",
	journal = "Philosophy \& Rhetoric",
	number = "1",
	pages = "1--19",
	publisher = "Penn State University Press",
	title = "{Speech Acts and the Definition of Literature}",
	volume = "4",
	year = "1971",
	language = "english",
	hyphenation = "english"
}

@article{bates1977gesture,
	author = "Bates, Elizabeth and Benigni, Laura and Bretherton, Inge and Camaioni, Luisa and Volterra, Virginia",
	journal = "Interaction, Conversation, and the Development of Language",
	address = "New York, NY, USA",
	pages = "247--307",
	publisher = "Wiley New York",
	title = "{From Gesture to the First Word: On Cognitive and Social Prerequisites}",
	year = "1977",
	language = "english",
	hyphenation = "english"
}

@inproceedings{lampert2009segmenting,
	author = "Lampert, Andrew and Dale, Robert and Paris, C{\'e}cile",
	booktitle = "{Proceedings of the 2009 Conference on Empirical Methods in Natural Language Processing (EMNLP 2009)}",
	pages = "919--928",
	title = "{Segmenting Email Message Text into Zones}",
	year = "2009",
	language = "english",
	hyphenation = "english"
}

@article{de2013classification,
	author = "{De Felice}, Rachele and Darby, Jeannique and Fisher, Anthony and Peplow, David",
	journal = "ICAME Journal",
	pages = "71--105",
	title = "{A classification scheme for annotating speech acts in a business email corpus}",
	volume = "37",
	year = "2013",
	language = "english",
	hyphenation = "english"
}

@inproceedings{ulrich2008publicly,
	author = "Ulrich, J. and Murray, G. and Carenini, G.",
	booktitle = "{Proceedings of the 23rd AAAI Conference on Artificial Intelligence EMAIL Workshop (AAAI 2008 EMAIL Workshop)}",
	address = "Chicago, IL, USA",
	title = "{A Publicly Available Annotated Corpus for Supervised Email Summarization}",
	year = "2008",
	language = "english",
	hyphenation = "english"
}

@inproceedings{lampert2006classifying,
	author = "Lampert, Andrew and Dale, Robert and Paris, C{\'e}cile",
	booktitle = "{Proceedings of the 2006 Australasian Language Technology Workshop (ALTW 2006)}",
	pages = "34",
	title = "{Classifying Speech Acts Using Verbal Response Modes}",
	year = "2006",
	language = "english",
	hyphenation = "english"
}

@mastersthesis{tavafi2013dialogue,
	author = "Tavafi, Maryam and Mehdad, Yashar and Joty, Shafiq and Carenini, Giuseppe and Ng, Raymond",
	school = "University of British Columbia",
	title = "{Dialogue Act Recognition in Synchronous and Asynchronous Conversations}",
	year = "2013",
	language = "english",
	hyphenation = "english"
}

@article{bruner1975communication,
	author = "Bruner, Jerome S",
	journal = "Cognition",
	number = "3",
	pages = "255--287",
	publisher = "Elsevier",
	title = "{From Communication to Language - A Psychological Perspective}",
	volume = "3",
	year = "1975",
	language = "english",
	hyphenation = "english"
}

@book{searle1969speech,
	author = "Searle, John R",
	publisher = "Cambridge University Press",
	title = "{Speech Acts: An Essay in the Philosophy of Language}",
	year = "1969",
	language = "english",
	hyphenation = "english"
}

@inproceedings{kim2010tagging,
	acmid = "1870591",
	address = "Stroudsburg, PA, USA",
	author = "Kim, Su Nam and Wang, Li and Baldwin, Timothy",
	booktitle = "{Proceedings of the 14th Conference on Computational Natural Language Learning (CoNLL 2010)}",
	isbn = "978-1-932432-83-1",
	address = "Uppsala, Sweden",
	numpages = "11",
	pages = "192--202",
	title = "{Tagging and Linking Web Forum Posts}",
	year = "2010",
	language = "english",
	hyphenation = "english"
}

@techreport{traum1994computational,
	author = "Traum, David R",
	title = "{A Computational Theory of Grounding in Natural Language Conversation.}",
	year = "1994",
	language = "english",
	hyphenation = "english"
}

@inproceedings{poesio1998towards,
	author = "Poesio, Massimo and Traum, David",
	booktitle = "{Proceedings of the 13th Twente Workshop on the Formal Semantics and Pragmatics of Dialogues (TWENDIAL 1998)}",
	title = "{Towards an Axiomatization of Dialogue Acts}",
	year = "1998",
	language = "english",
	hyphenation = "english"
}

@inproceedings{bunt2006dimensions,
	author = "Bunt, Harry",
	booktitle = "{Proceedings of the 2006 International Conference on Language Resources and Evaluation (LREC 2006)}",
	title = "{Dimensions in Dialogue Act Annotation}",
	year = "2006",
	language = "english",
	hyphenation = "english"
}

@inproceedings{bunt2012iso,
	author = "Bunt, Harry and Alexandersson, Jan and Choe, Jae-Woong and Fang, Alex Chengyu and Hasida, Koiti and Petukhova, Volha and Popescu-Belis, Andrei and Traum, David R",
	booktitle = "{Proceedings of the 2012 International Conference on Language Resources and Evaluation (LREC 2012)}",
	pages = "430--437",
	title = "{ISO 24617-2: A semantically-based standard for dialogue annotation}",
	year = "2012",
	language = "english",
	hyphenation = "english"
}

@inproceedings{leech2003generic,
	author = "Leech, Geoffrey and Weisser, Martin",
	booktitle = "{Proceedings of the 2003 Corpus Linguistics Conference (CL 2003)}",
	institution = "Centre for Computer Corpus Research on Language",
	address = "Lancaster, UK",
	pages = "441--446",
	title = "{Generic speech act annotation for task-oriented dialogues}",
	year = "2003",
	language = "english",
	hyphenation = "english"
}

@inproceedings{bunt2011semantics,
	author = "Bunt, Harry",
	booktitle = "{Proceedings of the 9th International Conference on Computational Semantics (IWCS 2011)}",
	pages = "1--13",
	title = "{The Semantics of Dialogue Acts}",
	year = "2011",
	language = "english",
	hyphenation = "english"
}

@book{asher2003logics,
	author = "Asher, Nicholas and Lascarides, Alex",
	publisher = "Cambridge University Press",
	title = "{Logics of Conversation}",
	year = "2003",
	language = "english",
	hyphenation = "english"
}

@article{thompson1987rhetorical,
	author = "Thompson, Sandra A and Mann, William C",
	journal = "IPrA Papers in Pragmatics",
	number = "1",
	pages = "79--105",
	title = "{Rhetorical Structure Theory: A Framework for the Analysis of Texts}",
	volume = "1",
	year = "1987",
	language = "english",
	hyphenation = "english"
}

@inproceedings{shriberg2004icsi,
	author = "Shriberg, Elizabeth and Dhillon, Raj and Bhagat, Sonali and Ang, Jeremy and Carvey, Hannah",
	booktitle = "{Proceedings of the 5th SIGdial Workshop on Discourse and Dialogue (SIGdial 2004)}",
	pages = "97--100",
	title = "{The ICSI Meeting Recorder Dialog Act (MRDA) Corpus}",
	year = "2004",
	language = "english",
	hyphenation = "english"
}

@article{popescu2005dialogue,
	author = "Popescu-Belis, Andrei",
	institution = "ISSCO",
	journal = "ISSCO Working Papers",
	number = "62",
	title = "{Dialogue Acts: One or More Dimensions?}",
	year = "2005",
	language = "english",
	hyphenation = "english"
}

@book{brown1987politeness,
	author = "Brown, Penelope and Levinson, Stephen C",
	publisher = "Cambridge University Press",
	title = "{Politeness: Some Universals in Language Use}",
	year = "1983",
	language = "english",
	hyphenation = "english"
}

@inproceedings{cohen2004learning,
	author = "Cohen, William W and Carvalho, Vitor R and Mitchell, Tom M",
	booktitle = "{Proceedings of the 2004 Conference on Empirical Methods in Natural Language Processing (EMNLP 2004)}",
	pages = "309--316",
	title = "{Learning to Classify Email into ``Speech Acts''}",
	year = "2004",
	language = "english",
	hyphenation = "english"
}

@article{schegloff1973opening,
	author = "Schegloff, Emanuel A and Sacks, Harvey",
	journal = "Semiotica",
	number = "4",
	pages = "289--327",
	title = "{Opening Up Closings}",
	volume = "8",
	year = "1973",
	language = "english",
	hyphenation = "english"
}

@article{larsson2000information,
	author = "Larsson, Staffan and Traum, David R",
	journal = "Natural Language Engineering",
	number = "3 \& 4",
	pages = "323--340",
	publisher = "Cambridge University Press",
	title = "{Information state and dialogue management in the TRINDI Dialogue Move Engine Toolkit}",
	volume = "6",
	year = "2000",
	language = "english",
	hyphenation = "english"
}

@inproceedings{petukhova2010introducing,
	author = "Petukhova, Volha and Bunt, Harry",
	booktitle = "{Proceedings of the 2nd International Conference on Global Interoperability for Language Resources (ICGL 2010)}",
	address = "Hong Kong, China",
	title = "{Introducing communicative function qualifiers}",
	year = "2010",
	language = "english",
	hyphenation = "english"
}

